% Encoding: UTF-8

@book{Knuth1998,
 author = {Knuth, Donald E.},
 title = {The art of computer programming,  volume 3: (2nd ed.) sorting and searching},
 year = {1998},
 publisher = {Addison Wesley Longman Publishing Co., Inc.},
 address = {Redwood City, CA, USA}
}

@book{Pollefliet2011,
  author = {Pollefliet, Leen},
  title = {Schrijven van verslag tot eindwerk: do's en don'ts},
  year = {2011},
  publisher = {Academia Press},
  address = {Gent}
}

@article{Creeger2009,
  author = {Creeger, Mache},
  journal = {Communications of the ACM},
  number = {8},
  pages = {50--56},
  title = {{CTO Roundtable: Cloud Computing}},
  volume = {52},
  year = {2009}
}

@Online{Willis2024,
  author = {Hunter Willis},
  date   = {2024-01-22},
  title  = {What is SharePoint? Ultimate Guide for Beginners},
  url    = {https://www.avepoint.com/blog/sharepoint-hybrid/what-is-sharepoint},
}

@Misc{Davenport2024,
  author = {Davenport, Tim},
  title  = {{SharePoint updates - Office release notes}},
  url    = {https://learn.microsoft.com/en-gb/officeupdates/sharepoint-updates},
  month  = {3},
  year   = {2024},
}

@Misc{Abramenko2016,
  author = {Andre Abramenko},
  date   = {2016-04-21},
  title  = {{SharePoint History - SharePoint 2016, Online, and before - Pilothouse Consulting}},
  url    = {https://www.pilothouseconsulting.com/sharepoint-history-sharepoint-2016-release.html},
}

@Misc{2014,
  title = {{Microsoft Office XP Released to Manufacturing With Widespread Industry Support - Stories}},
  url   = {https://news.microsoft.com/2001/03/05/microsoft-office-xp-released-to-manufacturing-with-widespread-industry-support/},
  month = {9},
  year  = {2014},
}

@Misc{Zelfond2016,
  author = {Zelfond, Gregory},
  title  = {{What are SharePoint Sites, Pages and Web Parts?}},
  url    = {https://sharepointmaven.com/sharepoint-sites-pages-web-parts/},
  month  = {1},
  year   = {2016},
}

@Misc{Hu2023,
  author = {Rui Hu},
  title  = {{Introduction to SharePoint information architecture - SharePoint in Microsoft 365}},
  url    = {https://learn.microsoft.com/en-us/sharepoint/information-architecture-modern-experience},
  month  = {4},
  year   = {2023},
}

@Misc{Experts2023,
  author = {Experts, Enterprise Dna},
  date   = {2023-04-15},
  title  = {{What is Sharepoint? Top Features and Functions | Master Data Skills + AI}},
  url    = {https://blog.enterprisedna.co/what-is-sharepoint-top-features-and-functions/},
}

@Comment{jabref-meta: databaseType:biblatex;}
